@WWW{2022k,
  date  = {16.01.2022},
  title = {Euler Angles},
  url   = {https://www.meccanismocomplesso.org/en/3d-rotations-and-euler-angles-in-python/},
}
